<?xml version="1.0" encoding="UTF-8"?><collection xmlns="http://www.loc.gov/MARC21/slim"><record><leader>00349nam--2200133-i-4500</leader><controlfield tag="001">000024049</controlfield><controlfield tag="002">20161230</controlfield><controlfield tag="005">20161230201035</controlfield><controlfield tag="008">060222s1000------------r-----000-0-eng-d</controlfield><datafield ind1=" " ind2=" " tag="100"><subfield code="a">Ne`Eman, Y</subfield></datafield><datafield ind1=" " ind2=" " tag="260"><subfield code="a">Group Theoretical Methods In Physics</subfield></datafield><datafield ind1=" " ind2=" " tag="490"><subfield code="a">Annals Of The Physical Society</subfield></datafield><datafield ind1=" " ind2=" " tag="700"><subfield code="a">Horowitz,L.P</subfield></datafield><datafield ind1=" " ind2=" " tag="852"><subfield code="a">530.1(061.3):512.818(061.3)</subfield></datafield></record></collection>